@book{aho86,
 author = {Alfred V. Aho and Ravi Sethi and Jeffrey D. Ullman},
 title = {Compilers: principles, techniques, and tools},
 year = {1986},
 isbn = {0-201-10088-6},
 publisher = {Addison-Wesley Longman Publishing Co., Inc.},
 address = {Boston, MA, USA},
 }
@techreport{ ali95,
    author = "Kamal M. Ali and Michael J. Pazzani",
    title = "On the Link Between Error Correlation and Error Reduction in Decision Tree Ensembles",
    number = "ICS-TR-95-38",
    pages = "15",
    year = "1995",
    url = "citeseer.ist.psu.edu/ali95link.html" 
}
@incollection{baker79,
    author = "Baker, J. K.",
    title = "Trainable grammars for speech recognition",
    booktitle = "Speech Communications Papers for the 97th Meeting of the 
 Acoustical Society of America",
         year = "1979",
         editor = "Klatt, D. and Wolf, J.",
         pages = "557--550",
         volume="",
         organization = "",
         publisher = "",
         address = "",
}
@inproceedings{baldridge04,
  author = "Baldridge, Jason and Osborne, Miles",
  title = "Active Learning and the Total Cost of Annotation",
  booktitle="EMNLP",
  year="2004",
  address="Spain",
 }
 @article{bikel04,
 author = "Bikel, Daniel",
    title = "Intricacies of Collins' Parsing Model",
         journal="Computational Linguistics",
         year="2004",
         number="4",
         volume="30",
         month="December",
         pages="479--512"
}
@inproceedings{brill98,
  author    = {Eric Brill and
               Jun Wu},
  title     = {Classifier Combination for Improved Lexical Disambiguation.},
  booktitle = {COLING-ACL},
  year      = {1998},
  pages     = {191-195},
  bibsource = {DBLP, http://dblp.uni-trier.de}
}
@article{briscoe93,
    author = "Briscoe, Ted and Carroll, John",
    title = "Generalised probabilistic LR parsing of natural language (corpora) with unification-based grammars",
    journal="Computational Linguistics",
    year="1993",
    number="1",
    volume="19",
    pages="25--59"
}
@inproceedings{briscoe95,
    author = "Briscoe, Ted and Carroll, John",
    title = "Developing and Evaluating a probabilistic {LR} parser
    of part-of-speech and punctuation labels",
     booktitle = "Proceedings of the ACL/SIGPARSE 4th International Workshop on Parsing
Technologies",
    pages = "48--58",
    year = "1995",
    address =  "Prague / Karlovy Vary, Czech Republic"
}
@inproceedings{briscoe97,
    author = "Briscoe, Ted and Carroll, John",
    title = "Automatic extraction of subcategorization from corpora",
     booktitle = "Proceedings of the 5th ACL Conference on Applied Natural Language Processing",
    pages = "356--363",
    year = "1997",
    address =  "Washington, DC"
}
@unpublished{briscoe00,
    author = "Briscoe, Ted",
    title = "Dictionary and System Subcategorisation Code Mappings",
    note = "Unpublished Manuscript",
    year = "2000",
    address =  "University of Cambridge Computer Laboratory"
}
@inproceedings{briscoe02,
    author = "Briscoe, Ted and Carroll, John",
    title = "Robust Accurate Statistical Annotation of General Text",
     booktitle = "Proceedings of the Conference on Language Resources and Evaluation (LREC 2002)",
    pages = "1499--1504",
    month="May",
    year = "2002",
    address =  "Palmas, Canary Islands"
}
@unpublished{briscoe05,
    author = "Briscoe, Ted and Carroll, John",
    title = "Evaluating the speed and accuracy of
a domain-independent stastistical parser on the {PARC Depbank}",
    note = "Submitted",
    year = "2005",
    address =  ""
}
@unpublished{briscoe05a,
    author = "Briscoe, Ted",
    title = "An Introduction to Tag Sequence Grammars and the RASP System Parser",
    note = "",
    year = "2005",
    address =  "Computer Laboratory, Cambridge University"
}
@inproceedings{brockmann03,
  author =        {Brockmann, Carsten and Lapata, Mirella},
  title =         {Evaluating and Combining Approaches to Selectional
                  Preference Acquisition},
  booktitle =     {Proceedings of the 10th Conference of the European Chapter
                  of the Association for Computational Linguistics (EACL-03)},
  pages =         {27--34},
  year =          2003,
  address =       {Budapest, Hungary}
}
@techreport{carroll91,
    author = "Carroll, John and Briscoe, Ted and Grover, Claire",
     title = "A development environment for large natural language grammars",
     number = "233",
     INSTITUTION = "Computer Laboratory, Cambridge University",
     address = "Cambridge",
     year="1991"
}
@phdthesis{carroll93,
    author="Carroll, John",
 title="Practical unification-based parsing of natural language",
school="Computer Laboratory, University of Cambridge",
year="1993",
note="Technical Report No. 314"
}
@inproceedings{carroll98,
  author    = {Carroll, John and Briscoe, Ted  and Sanfilippo, Antonio},
  title     = {Parser evaluation: a survey and a new proposal},
  booktitle = {Proceedings of the 1st International Conference on Language Resources and Evaluation},
  year      = {1998},
  address   = {Granada},
  pages     = {447--454}
}
@inproceedings{carroll98b,
  author    = {Carroll, John and Minnen, G. and Briscoe, Ted},
  title     = {Can subcategorisation probabilities help a statistical parser?},
  booktitle = {Proceedings of the 6th ACL/SIGDAT Workshop on Very Large Corpora},
  year      = {1998},
  address   = {Montreal, Canada},
  pages     = {118--126}
}
@inproceedings{carroll02,
  author = "John Carroll and Ted Briscoe",
  title = "High Precision Extraction of Grammatical Relations",
  year = "2002",
  booktitle = "Proceedings of the 19th International Conference on Computational Linguistics",
  address = "Taipei, Taiwan",
}
@article{charniak96,
    author = "Charniak, Eugene and Carroll, Glenn and Adcock, John and Cassandra, Antony and
Gotoh, Yoshihiko and Katz, Jeremy and Littman, Michael and McCann, John",
    title = "Taggers for parsers",
    journal = "Artificial Intelligence",
    pages = "",
    year = "1996",
    address= "Geneva, Switzerland",
    url = "" 
}
@article{charniak97,
    author = "Charniak, Eugene",
    title = "Statistical parsing with a context-free grammar and word statistics",
    journal = "Proceedings of the Fourteenth National Conference on Artificial Intelligence AAAI Press/MIT Press",
    pages = "",
    year = "1997",
    address= "Menlo Park",
    url = "" 
}
@inproceeding{charniak2000,
   author = "Charniak, Eugene",
   title = "A Maximum-Entropy-Inspired Parser",
    booktitle = "NAACL",
    year = "2000",
    month="",
    address =  "Seattle"
}

}
@inproceedings{clark99,
    author = "Clark, Stephen and Weir, David",
      title = "An Iterative Approach to Estimating Frequencies over a Semantic Hierarchy",
     booktitle = "EMNLP-VLC",
    pages = "258--265",
    month="",
    year = "1999",
    address =  "University of Maryland, MD"
}
@inproceedings{clark00,
    author = "Clark, Stephen and Weir, David",
    title = "A Class-Based Probabilistic Approach to Structural Disambiguation",
     booktitle = "Proceedings of the COLING",
    pages = "194--200",
    month="",
    year = "2000",
    address =  "Saarbrucken, Germany"
}
@phdthesis{clark01-phd,
    author="Clark, Stephen",
 title="Class-based Statistical Models for Lexical Knowledge Acquisition",
school="University of Sussex", 
year="2001",
}
@inproceedings{clark01,
    author = "Clark, Stephen and Weir, David",
      title = "Class-Based Probability Estimation using a Semantic Hierarchy",
     booktitle = "NAACL",
    pages = "95--102",
    month="",
    year = "2001",
    address =  "Pittsburgh, PA"
}
@inproceedings{clark02,
 author = "Clark, Stephen",
    title = "Supertagging for Combinatory Categorial Grammar",
journal="Proceedings of the 6th International Workshop on Tree Adjoining Grammar and Related Frameworks",
year="2002",
pages="101--106",
address="University of Venice, Venice"
}
@inproceedings{clark04a,
    author = "Clark, Stephen and Curran, James",
    title = "The Importance of Supertagging for Wide-Coverage CCG Parsing",
    booktitle = "Proceedings of the 20th International Conference on Computational Linguistics",
    pages = "282--288",
    year = "2004",
    address= "Geneva, Switzerland",
    url = "" 
}
@inproceedings{clark04b,
    author = "Clark, Stephen and Curran, James",
    title = "Parsing the {WSJ} using {CCG} and Log-Linear Models",
    booktitle = "Proceedings of the 42nd Annual Meeting of the Association for Computational Linguistics",
    pages = "104--111",
    year = "2004",
    address= "Barcelona, Spain",
    url = "" 
}
@inproceedings{cohn95,
    author = "David A. Cohn and Zoubin Ghahramani and Michael I. Jordan",
    title = "Active Learning with Statistical Models",
    booktitle = "Advances in Neural Information Processing Systems",
    volume = "7",
    publisher = "The {MIT} Press",
    editor = "G. Tesauro and D. Touretzky and T. Leen",
    pages = "705--712",
    year = "1995",
    url = "citeseer.ist.psu.edu/article/cohn96active.html" 
}
@inproceedings{ collins97,
    author = "Michael Collins",
    title = "Three Generative, Lexicalized Models for Statistical Parsing",
    booktitle = "Proceedings of the Thirty-Fifth Annual Meeting of the {A}ssociation for 
{C}omputational {L}inguistics and Eighth Conference of the {E}uropean Chapter of the 
{A}ssociation for {C}omputational {L}inguistics",
    publisher = "Association for Computational Linguistics",
    address = "Somerset, New Jersey",
    editor = "Philip R. Cohen and Wolfgang Wahlster",
    pages = "16--23",
    year = "1997",
    url = "citeseer.ist.psu.edu/collins97three.html" 
}
@phdthesis{collins99,
    author="Collins, Michael",
 title="Head-Driven Statistical Models for Natural Language Parsing",
school="University of Pennsylvania", 
year="1999",
}
@inproceedings{collins00,
    author = "Collins, Michael",
    title = "Discriminative Reranking for Natural Language Parsing",
    booktitle = "In Proceedings of the Seventeenth International Conference on Machine Learning",
    pages = "",
    year = "2000",
    address = "Stanford University",
    month = "June",
    url = "http://people.csail.mit.edu/people/mcollins/publications.html" 
}
@inproceedings{collins02,
    author = "Collins, Michael and Duffy, Nigel",
    title = "New Ranking Algorithms for Parsing and Tagging: Kernels over Discrete Structures, and the Voted Perceptron",
    booktitle = "ACL",
    pages = "",
    year = "2002",
    url = "http://people.csail.mit.edu/people/mcollins/publications.html" 
}
@incollection{collins04a,
    author = "Collins, Michael",
    title = "Parameter Estimation for Statistical Parsing Models: Theory and
practice of distribution-free methods",
    booktitle = "New developments in Parsing Technology",
         year = "2004",
         editor = "Bunt, H. and Carroll, J. and Satta, G.",
         pages = "19--49",
         volume="23",
         organization = "",
         publisher = "Sluwer Academic Publishers",
         address = "",
}
@article{collins04b,
 author = "Collins, Michael and Koo, Terry",
    title = "Discriminative Reranking for Natural Language Parsing",
         journal=" Computational Linguistics",
         year="2005",
         number="1",
         volume="31",
         month="",
         pages="25--69"
}
@inproceedings{collins04c,
    author = "Collins, Michael and Roark, Brian",
    title = "Incremental parsing with the Perceptron algorithm",
    booktitle = "ACL",
    pages = "",
    year = "2004",
    url = "http://people.csail.mit.edu/people/mcollins/publications.html" 
}
@unpublished{copestake03,
    author = "Copestake, Ann",
    title = "Report on the Design of {RMRS}",
    note = "DeepThought Project Deliverable D1.1a, University of Cambridge, UK",
    year = "2003",
    address = ""
}
@phdthesis{curran03,
    author="Curran, James",
 title="From Distributional to Semantic Similarity", 
school="University of Edinburgh", 
year="2003",
}
@unpublished{dalrymple04,
    author = "Dalrymple, Mary",
    title = "How much can part-of-speech tagging help parsing?",
    note = "Available: http://users.ox.ac.uk/$\sim$cpgl0015/bib.html [2005, 3 June]",
    year = "2004",
    address =  ""
}
@inproceedings{elworthy94,
  author    = {Elworthy, David},
  title     = {Does Baum-Welch Re-estimation Help Taggers?},
  booktitle = {Fourth Conference on Applied Natural Language Processing},
  year      = {1994},
  pages     = {53-58},
  ee        = {http://acl.ldc.upenn.edu/A/A94/A94-1009.pdf},
  bibsource = {DBLP, http://dblp.uni-trier.de}
}
@inproceedings{geman02,
  author = "Geman, Stuart and Johnson, Mark",
  title = "Dynamic programming for parsing and estimation of stochastic unification-based grammars",
  booktitle="Proceedings of the 40th Annual Meeting of the Association for Computational Linguistics (ACL)",
  year="2002",
  address="Philadelphia, PA",
  url = "" 
}
@inproceedings{gildea01,
  author = "Gildea, Daniel",
  title = "Corpus Variation and Parser Performance",
  booktitle="Empirical Methods in Natural Language Processing (EMNLP'01)",
  year="2001",
  address="Pittsburgh, PA",
  url = "citeseer.ist.psu.edu/gildea01corpus.html" 
}
@inproceedings{hektoen97,
    author = "Hektoen, Eirik",
      title = "Probabilistic Parse Selection Based on Semantic Cooccurrences",
     booktitle = "5th International Workshop on Parsing Technologies",
    pages = "113--122",
    month="September",
    year = "1997",
    address =  "MIT, Massachusetts, USA"
}
@inproceedings{henderson99,
    author = "Henderson, John C. and Brill, Eric",
      title = "Exploiting Diversity in Natural Language Processing: Combining Parsers",
     booktitle = "Proceedings of the Fourth Conference on Empirical Methods in Natural Language Processing",
    pages = "",
    month="",
    year = "1999",
    address =  "College Park, Maryland"
}
@inproceedings{inui97,
    author = "Inui, K., V.~Sornlertlamvanich, H.~Tanaka and T.~Tokunaga",
      title = "{A new formalization of probabilistic GLR parsing}",
     booktitle = "{MIT}",
    pages = "{123--134}",
    month="",
    year = "1997"
}
@inproceedings{johnson99,
  author    = {Johnson, Mark and Geman, Stuart and Canon, Stephen and Chi, Zhiyi and Riezler, Stefan},
  title     = {Estimators for Stochastic "Unification-Based" Grammars.},
  booktitle = {ACL},
  year      = {1999},
  ee        = {http://www.aclweb.org/anthology/P99-1069},
  bibsource = {DBLP, http://dblp.uni-trier.de}
}
@inproceedings{johnson01,
    author = "Johnson, Mark",
      title = "Joint and Conditional Estimation of Tagging and Parsing Models",
     booktitle = "Proceedings of the 39th Annual 
     Meeting of the Association for Computational Linguistics (ACL)",
    pages = "",
    month= "July",
    year = "2001",
    address =  " Toulouse, France"
}
@inproceedings{kaplan04,
    author = "Kaplan, Ronald and Riezler, Stephen and King, Tracy and Maxwell, John and
Vasserman, Alexander and Crouch, Richard",
    title = "Speed and Accuracy in Shallow and Deep Stochastic Parsing",
     booktitle = "Proceedings of the Human Language Technology conference / North American chapter 
     of the Association for Computational Linguistics annual meeting",
    pages = "97--113",
    month="May",
    year = "2004",
    address =  "Boston, Massachusetts"
}
@inproceedings{king03,
    author = "King, Tracy and Crouch, Richard and Riezler, Stephen and Dalrymple, Mary and Kaplan, Ronald",
    title = "{The PARC700 Dependency Bank}",
     booktitle = "Proceedings of the 4th International Workshop on Linguistically Interpreted Corpora (LINC-03)",
    pages = "",
    year = "2003",
    address =  ""
}
@inproceedings{klein03,
  author = "Klein, Dan and Manning, Christopher",
  title  = {Accurate Unlexicalized Parsing},
  booktitle = {Proceedings of the 41st Annual Meeting of the Association for Computational Linguistics},
  year = "2003"
}
@incollection{klein04,
    author = "Klein, Dan and Manning, Christopher",
    title = "Parsing and Hypergraphs",
    booktitle = "New developments in Parsing Technology",
         year = "2004",
         editor = "Bunt, Harry and Carroll, John and Satta, Giorgio",
         pages = "351--373",
         volume="23",
         organization = "",
         publisher = "Sluwer Academic Publishers",
         address = "",
}
@phdthesis{korhonen02,
    author="Korhonen, Anna",
 title="Subcategorization Acquisition", 
school="Computer Laboratory, University of Cambridge",
year="2002",
note="Techical Report UCAM-CL-TR-530"
}
@article{Kristensen81,
 author = {Bent Bruun Kristensen and Ole Lehrmann Madsen},
 title = {Methods for Computing LALR(k) Lookahead},
 journal = {ACM Trans. Program. Lang. Syst.},
 volume = {3},
 number = {1},
 year = {1981},
 issn = {0164-0925},
 pages = {60--82},
 doi = {http://doi.acm.org/10.1145/357121.357126},
 publisher = {ACM Press},
 address = {New York, NY, USA},
 }
@incollection{lavie04,
    author = "Lavie, Alon and Rose, Carolyn",
    title = "Optimal Ambiguity Packing in Context-Free Parsers with Interleaved Unification",
    booktitle = "New developments in Parsing Technology",
         year = "2004",
         editor = "Bunt, Harry and Carroll, John and Satta, Giorgio",
         pages = "307--323",
         volume="23",
         organization = "",
         publisher = "Sluwer Academic Publishers",
         address = "",
}
@inproceedings{lin01,
  author = "Lin, Dekang",
  title = "LaTaT: Language and Text Analysis Tools",
  booktitle= "Human Language Technology Conference, San Diego, California, March 2001.",
  address   = "San Diego, California",
  year = "2001",
  month= "March",
  pages ="222--227",
  url = "citeseer.ist.psu.edu/lin01latat.html"
}
@inproceedings{lin98,
  author    = {Lin, Dekang},
  title     = {Dependency-based evaluation of {MINIPAR}},
  booktitle = {Proceedings of the Workshop on The Evaluation of Parsing Systems 
  at the 1st International Conference
on Language Resources and Evaluation},
  year      = {1998},
  address   = {Granada, Spain}
}
@inproceedings{magerman95,
  author = "Magerman, David",
  title = "Statistical Decision-Tree Models for Parsing",
  booktitle= "Proceedings of the 33rd Annual Meeting of the Association for Computational Linguistics",
  address   = "Cambridge, Massachusetts",
  year = "1995",
  month= "June",
  pages ="276--283",
  url = ""
}
. David M. Magerman, in Proceedings, ACL Conference, , 1995
@inproceedings{miyao02,
  author = "Miyao, Yusuke and Tsujii, Jun'ichi",
  title = "Maximum Entropy Estimation for Feature Forests",
  booktitle= "Proceedings of the Human Language Technology Conference",
  address   = "San Diego, California",
  year = "2002",
  month= "March",
  pages ="",
  url = ""
}
@misc{minipar18,
  author = "Lin, Dekang",
  title = "Chapter 18: Dependency-Based Evaluation Of {Minipar}",
  url = "citeseer.ist.psu.edu/662998.html"
}
@inproceedings{McCarthy04a,
    author = "McCarthy, Diana and Koeling, Rob and Weeds, Julie and Carroll, John",
    title = "Finding predominant word senses in untagged text",
     booktitle = "42nd Annual Meeting of the Association for Computational
Linguistics",
    pages = "280--287",
    year = "2004",
    address =  "Barcelona, Spain"
}
@inproceedings{McCarthy04b,
    author = "McCarthy, Diana and Koeling, Rob and Weeds, Julie and Carroll, John",
    title = "Automatic identification of infrequent word senses",
     booktitle = "20th International Conference on Computational Linguistics
(COLING)",
    pages = "1220--1226",
    year = "2004",
    address =  "Geneva, Switzerland"
}
@inproceedings{McCarthy04c,
    author = "McCarthy, Diana and Koeling, Rob and Weeds, Julie and Carroll, John",
    title = "Using automatically acquired predominant senses for word sense
disambiguation",
     booktitle = "3rd International Workshop on the Evaluation of Systems for
the Semantic Analysis of Text (SENSEVAL)",
    pages = "151--154",
    year = "2004",
    address =  "Barcelona, Spain"
}
@misc{mclauchlanfirstreport,
  author = "McLauchlan, Mark",
  title = "First year report",
year="2002"
}
@inproceedings{mclauchlan04,
    author = "McLauchlan, Mark",
    title = "Thesauruses for Prepositional Phrase Attachment",
     booktitle = "CoNLL",
    pages = "73--80",
    year = "2004",
}
@incollection{moore04,
    author = "Moore, Robert",
    title = "Improved Left-Corner Chart Parsing for Large Context-Free Grammars",
    booktitle = "New developments in Parsing Technology",
         year = "2004",
         editor = "Bunt, Harry and Carroll, John and Satta, Giorgio",
         pages = "185--199",
         volume="23",
         organization = "",
         publisher = "Sluwer Academic Publishers",
         address = "",
}
@inproceedings{oepen00,
  author = "Oepen, Stephan and Carroll, John",
  title = "Ambiguity packing in constraint-based parsing - practical results",
  booktitle="Proceedings of the North American Chapter of the Association for Computational Linguistics (NAACL)",
  year="2000",
  pages="162--169",
  address="Seattle, WA",
 }
@incollection{oepen04,
    author = "Oepen, Stephan and Callmeier, Ulrich",
    title = "Measure for Measure: Towards Increased Component Comparability and Exchange",
    booktitle = "New developments in Parsing Technology",
         year = "2004",
         editor = "Bunt, Harry and Carroll, John and Satta, Giorgio",
         pages = "373--395",
         volume="23",
         organization = "",
         publisher = "Sluwer Academic Publishers",
         address = "",
}
@inproceedings{osborne04,
  author = "Osborne, Miles and Baldridge, Jason",
  title = "Ensemble-based Active Learning for Parse Selection",
  booktitle="North American Chapter of the Association for Computational Linguistics (NAACL)",
  year="2004",
  address="Boston, USA",
 }
@inproceedings{prescher01,
  author = "Prescher, Detlef",
  title = "Inside-Outside Estimation Meets Dynamic EM",
  booktitle="7th International Workshop on Parsing Technologies (IWPT-01)",
  year="2001",
  address="Beijing, China",
 }
 @inproceedings{prescher04,
  author = "Prescher, Detlef",
  title = "A Tutorial on the Expectation-Maximization Algorithm
  Including Maximum-Likelihood Estimation and EM Training of Probabilistic
Context-Free Grammars",
  booktitle="15th European Summer School in Logic, Language and Information
(ESSLLI-03)",
  year="2003",
  address="Vienna, Austria",
 }
@inproceedings{ratnaparkhi94,
  author = "Adwait Ratnaparkhi and Salim Roukos and R. Todd Ward",
  title = "A Maximum Entropy Model for Parsing",
  booktitle="Proceedings of the International Conference on Spoken Language Processing",
  year="1994",
  address="Yokohama, Japan",
 pages="803--806",
 url="http://www.cis.upenn.edu/~adwait/statnlp.html"
 }
@inproceedings{ratnaparkhi97,
  author = "Adwait Ratnaparkhi",
  title = "A Linear Observed Time Statistical Parser Based on Maximum Entropy Models",
  booktitle="Proceedings of the Second Conference on Empirical Methods in Natural Language Processing",
  year="1997",
  address="Brown University, Providence, Rhode Island",
 url="http://www.cis.upenn.edu/~adwait/statnlp.html"
 }
@article{ratnaparkhi99,
 author = "Adwait Ratnaparkhi",
    title = "Learning to Parse Natural Language with Maximum Entropy Models",
         journal=" Machine Learning",
         year="1999",
         number="34",
         volume="",
         pages="151--175"
}
@book{sampson95,
  author = 	 {Geoffrey Sampson},
  title = 	 {English for the Computer},
  publisher = 	 {Oxford University Press},
  year = 	 {1995}
}  
@inproceedings{ schmid01,
    author = "Schmid, Helmut and Rooth, Mats",
    title = "Parse Forest Computation of Expected Governors",
    booktitle = "Proceedings of the 39th Annual Meeting of the Association for Computational Linguistics",
    pages = "458-465",
    year = "2001",
    url = "citeseer.ist.psu.edu/schmid01parse.html" 
}
@inproceedings{shen03,
    author = "Libin Shen and Aravind K. Joshi",
    title = "An SVM Based Voting Algorithm with Application to Parse Reranking",
    booktitle = "Proceedings of the  7th Conference on Computational Natural Language Learning (CoNLL)",
    pages = "",
    year = "2003",
    address = "Edmonton, Canada",
    url = "http://www.cis.upenn.edu/~libin/research.shtml"
}
@inproceedings{shen04,
    author = "Libin Shen and Aravind K. Joshi",
    title = "Flexible Margin Selection for Reranking with Full Pairwise Samples",
    booktitle = "Proceedings of the  1st International Joint Conference of Natural Language Processing (IJCNLP)",
    pages = "446-455",
    year = "2004",
    address = "Hainan Island, China",
    url = "http://www.cis.upenn.edu/~libin/research.shtml"
}
@book{siegel98,
  author = "Siegel, S. and Castellan, N. J.",
  title = "Nonparametric Statistics for the Behavioural Sciences (2nd edn)"	,
  publisher = 	 "McGraw-Hill",
	address = "New York",
    year = 	 "1988"
}  
@inproceedings{skanktze04,
  author = "Skantze, Gabriel and Edlund, Jens",
  title = "Early Error Detection on Word Level",
  booktitle = "ISCA Tutorial and Research Workshop (ITRW) on 
  Robustness Issues in Conversational Interaction",
  year = "2004",
  address="Norwich, UK",
  url = "citeseer.ist.psu.edu/696550.html" 
}
@MastersThesis{sloane05,
  AUTHOR     = {Sloane, Nick},
  YEAR       = {2005},
  TITLE      = {Parse Selection Accuracy},
  SCHOOL     = {Computer Laboratory, Cambridge University},
  address    = {},
  month      = {},
  keywords   = {},
  summary    = {},
  supersedes = {},
  SEMNO      = {},
  PUF        = {},
  ID         = {}
}
 
@inproceedings{taskar04,
    author = "Taskar, Ben and Klein, Dan and Collins, Michael and Koller, Daphne and Manning, Christopher",
    title = "Max-Margin Parsing",
    booktitle = "Proceedings of the Conference on Empirical 
    Methods in Natural Language Processing",
    pages = "",
    year = "2004",
    url = "http://www.cs.berkeley.edu/~klein/" 
}
@inproceedings{toutanova02,
    author = "Toutanova, Kristina and Manning, CChristopher Shieber, Stuart and Flickinger, Dan and Oepen, Stephen",
    title = "Parse Disambiguation for a Rich HPSG Grammar",
    booktitle = "First Workshop on Treebanks and Linguistic Theories (TLT2002)",
    pages = "253--263",
    year = "2002",
    url = "http://www.stanford.edu/~krist/"
}
@inproceedings{yallop05,
author = "Yallop, Jeremy and Korhonen, Anna and Briscoe, Ted",
title ="Automatic Acquisition of Adjectival Subcategorization from Corpora",
booktitle = "Proceedings of the 43rd Annual Meeting of the Association for Computational Linguistics",
address="Vancouver, Canada",
year = "2005",
month = "October"
}
@article{young90,
 author = "Lari, Karim and Young, Steve",
    title = "The estimation of stochastic context-free grammars using the {I}nside-{O}utside algorithm",
         journal="Computer Speech and Language",
         year="1990",
         number="4",
         volume="2",
         pages="35--56"
}
@inproceedings{watson05,
    author = "Watson, Rebecca and Carroll, John and Briscoe, Ted",
    title = "Efficient extraction of grammatical relations",
    booktitle = "Proceedings of the 9th International Workshop on Parsing Technologies",
    year = "2005",
    address =  "Vancouver, Canada",
    month = "October"
}
@unpublished{watson05b,
    author = "Watson, Rebecca",
    title = "Part-of-speech models for parsing",
    note = "To be published",
    year = "2005",
    address =  ""
}

@unpublished{watson05c,
    author = "Watson, Rebecca",
    title = "RASP Evaluation Schemes",
    note = "Available: http://www.informatics.susx.ac.uk/research/nlp/rasp/",
    year = "2005",
    address =  "Cambridge Computer Laboratory"
}
@article{wilcoxon45,
 author = "Wilcoxon, F.",
    title = "Individual Comparisons by Ranking Methods.",
         journal="Biometrics",
         year="1945",
         number="1",
         pages="80--83"
}
